<?xml version="1.0" encoding="UTF-8"?><collection xmlns="http://www.loc.gov/MARC21/slim"><record><leader>00482nam--2200157-i-4500</leader><controlfield tag="001">000010764</controlfield><controlfield tag="002">20161230</controlfield><controlfield tag="005">20161230201028</controlfield><controlfield tag="008">060222s1000------------r-----000-0-eng-d</controlfield><datafield ind1=" " ind2=" " tag="080"><subfield code="a">517(042)</subfield></datafield><datafield ind1=" " ind2=" " tag="100"><subfield code="a">Berberian, Sterling K</subfield></datafield><datafield ind1=" " ind2=" " tag="245"><subfield code="a">Notes on spectral theory</subfield></datafield><datafield ind1=" " ind2=" " tag="260"><subfield code="a">Princeton, D.Van Nostrand Company, Inc., 1966. 121 P</subfield></datafield><datafield ind1=" " ind2=" " tag="490"><subfield code="a">Van Nostrand Mathematical Studies.Editors Paul R.Halmos, Frederick W.Gehring,5</subfield></datafield><datafield ind1=" " ind2=" " tag="852"><subfield code="a">39427</subfield><subfield code="c">517</subfield></datafield><datafield ind1=" " ind2=" " tag="CAT"><subfield code="a">Sys</subfield><subfield code="c">20080620</subfield><subfield code="h">090427</subfield></datafield></record></collection>